@techreport{massie13,
  title={{ADAM}: {G}enomics Formats and Processing Patterns for Cloud Scale Computing},
  author={Massie, Matt and Nothaft, Frank and Hartl, Christopher and Kozanitis, Christos and Schumacher, Andr{\'e} and Joseph, Anthony D and Patterson, David A},
  year={2013},
  institution={UCB/EECS-2013-207, EECS Department, University of California, Berkeley}
}

@inproceedings{nothaft15,
  title={Rethinking Data-Intensive Science Using Scalable Analytics Systems},
  author={Nothaft, Frank A and Massie, Matt and Danford, Timothy and Zhang, Zhao and Laserson, Uri and Yeksigian, Carl and Kottalam, Jey and Ahuja, Arun and Hammerbacher, Jeff and Linderman, Michael and Franklin, Michael and Joseph, Anthony D. and Patterson, David A.},
  booktitle={Proceedings of the International Conference on Management of Data (SIGMOD '15)},
  year={2015},
  organization={ACM}
}

@misc{nhgri,
  author={NHGRI},
  title={{DNA} Sequencing Costs},
  howpublished={\url{http://www.genome.gov/sequencingcosts/}}
}

@article{schatz13,
  title={The {DNA} data deluge},
  author={Schatz, Michael C and Langmead, Ben},
  journal={Spectrum, IEEE},
  volume={50},
  number={7},
  pages={28--33},
  year={2013},
  publisher={IEEE}
}

@article{niemenmaa12,
  title={{H}adoop-{BAM}: {D}irectly manipulating next generation sequencing data in the cloud},
  author={Niemenmaa, Matti and Kallio, Aleksi and Schumacher, Andr{\'e} and Klemel{\"a}, Petri and Korpelainen, Eija and Heljanko, Keijo},
  journal={Bioinformatics},
  volume={28},
  number={6},
  pages={876--877},
  year={2012},
  publisher={Oxford Univ Press}
}

@article{schumacher14,
  title={{SeqPig}: {S}imple and scalable scripting for large sequencing data sets in {Hadoop}},
  author={Schumacher, Andr{\'e} and Pireddu, Luca and Niemenmaa, Matti and Kallio, Aleksi and Korpelainen, Eija and Zanetti, Gianluigi and Heljanko, Keijo},
  journal={Bioinformatics},
  volume={30},
  number={1},
  pages={119--120},
  year={2014},
  publisher={Oxford Univ Press}
}

@article{nordberg13,
  title={{BioPig}: {A} {Hadoop}-based analytic toolkit for large-scale sequence data},
  author={Nordberg, Henrik and Bhatia, Karan and Wang, Kai and Wang, Zhong},
  journal={Bioinformatics},
  pages={btt528},
  year={2013},
  publisher={Oxford Univ Press}
}

@article{mckenna10,
  title={{The Genome Analysis Toolkit}: {A} {MapReduce} framework for analyzing next-generation {DNA} sequencing data},
  author={McKenna, Aaron and Hanna, Matthew and Banks, Eric and Sivachenko, Andrey and Cibulskis, Kristian and Kernytsky, Andrew and Garimella, Kiran and Altshuler, David and Gabriel, Stacey and Daly, Mark and others},
  journal={Genome Research},
  volume={20},
  number={9},
  pages={1297--1303},
  year={2010},
  publisher={Cold Spring Harbor Lab}
}

@misc{hadoop,
  title={Hadoop},
  howpublished={\url{http://hadoop.apache.org}},
  author={Apache}
}

@inproceedings{zaharia10,
  title={{S}park: {C}luster computing with working sets},
  author={Zaharia, Matei and Chowdhury, Mosharaf and Franklin, Michael J and Shenker, Scott and Stoica, Ion},
  booktitle={Proceedings of the Conference on Hot Topics in Cloud Computing (HotCloud '10)},
  pages={10},
  year={2010},
  organization={USENIX Association}
}

@inproceedings{zaharia12,
  title={Resilient distributed datasets: {A} fault-tolerant abstraction for in-memory cluster computing},
  author={Zaharia, Matei and Chowdhury, Mosharaf and Das, Tathagata and Dave, Ankur and Ma, Justin and McCauley, Murphy and Franklin, Michael and Shenker, Scott and Stoica, Ion},
  booktitle={Proceedings of the Conference on Networked Systems Design and Implementation (NSDI '12)},
  pages={2},
  year={2012},
  organization={USENIX Association}
}

@article{layer15,
  title={Efficient compression and analysis of large genetic variation datasets},
  author={Layer, Ryan M and Kindlon, Neil and Karczewski, Konrad J and Quinlan, Aaron R and others},
  journal={Nature Methods},
  year={2015},
  publisher={Nature Publishing Group}
}

@inproceedings{taft14,
  title={Genbase: {A} complex analytics genomics benchmark},
  author={Taft, Rebecca and Vartak, Manasi and Satish, Nadathur Rajagopalan and Sundaram, Narayanan and Madden, Samuel and Stonebraker, Michael},
  booktitle={Proceedings of the SIGMOD International Conference on Management of Data (SIGMOD '14)},
  pages={177--188},
  year={2014},
  organization={ACM}
}

@article{zadeh15,
  title={linalg: {M}atrix Computations in {Apache Spark}},
  author={Zadeh, Reza Bosagh and Meng, Xiangrui and Yavuz, Burak and Staple, Aaron and Pu, Li and Venkataraman, Shivaram and Sparks, Evan and Ulanov, Alexander and Zaharia, Matei},
  journal={arXiv preprint arXiv:1509.02256},
  year={2015}
}

@inproceedings{armbrust15,
  title={Spark {SQL}: {R}elational Data Processing in {S}park},
  author={Armbrust, Michael and Xin, Reynold S. and Lian, Cheng and Huai, Yin and Liu, Davies and Bradley, Joseph K. and Meng, Xiangrui and Kaftan, Tomer and Franklin, Michael J. and Ghodsi, Ali and Zaharia, Matei},
  booktitle={Proceedings of the SIGMOD International Conference on Management of Data (SIGMOD '15)},  year={2015}
}

@article{melnik10,
  title={Dremel: {I}nteractive analysis of web-scale datasets},
  author={Melnik, Sergey and Gubarev, Andrey and Long, Jing Jing and Romer, Geoffrey and Shivakumar, Shiva and Tolton, Matt and Vassilakis, Theo},
  journal={Proceedings of the VLDB Endowment},
  volume={3},
  number={1-2},
  pages={330--339},
  year={2010},
  publisher={VLDB Endowment}
}

@article{danecek11,
  title={The variant call format and {VCFtools}},
  author={Danecek, Petr and Auton, Adam and Abecasis, Goncalo and Albers, Cornelis A and Banks, Eric and DePristo, Mark A and Handsaker, Robert E and Lunter, Gerton and Marth, Gabor T and Sherry, Stephen T and others},
  journal={Bioinformatics},
  volume={27},
  number={15},
  pages={2156--2158},
  year={2011},
  publisher={Oxford Univ Press}
}

@article{li11,
  title={A statistical framework for {SNP} calling, mutation discovery, association mapping and population genetical parameter estimation from sequencing data},
  author={Li, Heng},
  journal={Bioinformatics},
  volume={27},
  number={21},
  pages={2987--2993},
  year={2011},
  publisher={Oxford Univ Press}
}

@article{1kg,
  title={An integrated map of genetic variation from 1,092 human genomes},
  author={{1000 Genomes Project Consortium} and others},
  journal={Nature},
  volume={491},
  number={7422},
  pages={56--65},
  year={2012},
  publisher={Nature Publishing Group}
}

@article{purcell07,
  title={{PLINK}: {A} tool set for whole-genome association and population-based linkage analyses},
  author={Purcell, Shaun and Neale, Benjamin and Todd-Brown, Kathe and Thomas, Lori and Ferreira, Manuel AR and Bender, David and Maller, Julian and Sklar, Pamela and De Bakker, Paul IW and Daly, Mark J and others},
  journal={The American Journal of Human Genetics},
  volume={81},
  number={3},
  pages={559--575},
  year={2007},
  publisher={Elsevier}
}

@article{chang15,
  title={Second-generation {PLINK}: {R}ising to the challenge of larger and richer datasets},
  author={Chang, Christopher C and Chow, Carson C and Tellier, Laurent CAM and Vattikuti, Shashaank and Purcell, Shaun M and Lee, James J},
  journal={GigaScience},
  volume={4},
  year={2015},
  publisher={BioMed Central}
}

@misc{mvp,
  title={{Million Veteran Program (MVP)}},
  howpublished={\url{http://www.research.va.gov/mvp}},
  author={{U.S. Department of Veterans Affairs}}
}

@misc{uk100k,
  title={{100,000 Genomes Project}},
  howpublished={\url{https://www.genomicsengland.co.uk/}},
  author={{Genomics England}}
}

@article{reinhold12,
  title={{CellMiner}: {A} web-based suite of genomic and pharmacologic tools to explore transcript and drug patterns in the {NCI-60} cell line set},
  author={Reinhold, William C and Sunshine, Margot and Liu, Hongfang and Varma, Sudhir and Kohn, Kurt W and Morris, Joel and Doroshow, James and Pommier, Yves},
  journal={Cancer research},
  volume={72},
  number={14},
  pages={3499--3511},
  year={2012},
  publisher={AACR}
}

@article{shankavaram09,
  title={{CellMiner}: {A} relational database and query tool for the {NCI-60} cancer cell lines},
  author={Shankavaram, Uma T and Varma, Sudhir and Kane, David and Sunshine, Margot and Chary, Krishna K and Reinhold, William C and Pommier, Yves and Weinstein, John N},
  journal={BMC genomics},
  volume={10},
  number={1},
  pages={277},
  year={2009},
  publisher={BioMed Central Ltd}
}

@inproceedings{shvachko10,
  title={The {H}adoop distributed file system},
  author={Shvachko, Konstantin and Kuang, Hairong and Radia, Sanjay and Chansler, Robert},
  booktitle={Proceedings of the Symposium on Mass Storage Systems and Technologies (MSST '10)},
  year={2010},
  organization={IEEE}
}

@article{zadeh13,
  title={Dimension independent similarity computation},
  author={Zadeh, Reza Bosagh and Goel, Ashish},
  journal={The Journal of Machine Learning Research},
  volume={14},
  number={1},
  pages={1605--1626},
  year={2013},
  publisher={JMLR. org}
}

@article{meng15,
  title={{MLlib}: {M}achine Learning in {Apache Spark}},
  author={Meng, Xiangrui and Bradley, Joseph and Yavuz, Burak and Sparks, Evan and Venkataraman, Shivaram and Liu, Davies and Freeman, Jeremy and Tsai, DB and Amde, Manish and Owen, Sean and others},
  journal={arXiv preprint arXiv:1505.06807},
  year={2015}
}