@inproceedings{zaharia10,
  title={{S}park: cluster computing with working sets},
  author={Zaharia, Matei and Chowdhury, Mosharaf and Franklin, Michael J and Shenker, Scott and Stoica, Ion},
  booktitle={Proceedings of the 2nd USENIX Conference on Hot Topics in Cloud Computing (HotCloud)},
  pages={10},
  year={2010}
}

@book{blelloch90,
  title={Vector models for data-parallel computing},
  author={Blelloch, Guy E},
  volume={356},
  year={1990},
  publisher={MIT press Cambridge}
}
