@techreport{massie13,
  title={{ADAM}: Genomics Formats and Processing Patterns for Cloud Scale Computing},
  author={Massie, Matt and Nothaft, Frank and Hartl, Christopher and Kozanitis, Christos and Schumacher, Andr{\'e} and Joseph, Anthony D and Patterson, David A},
  year={2013},
  institution={UCB/EECS-2013-207, EECS Department, University of California, Berkeley}
}

@inproceedings{zaharia10,
  title={{S}park: cluster computing with working sets},
  author={Zaharia, Matei and Chowdhury, Mosharaf and Franklin, Michael J and Shenker, Scott and Stoica, Ion},
  booktitle={Proceedings of the USENIX Conference on Hot Topics in Cloud Computing (HotCloud '10)},
  pages={10},
  year={2010}
}

@inproceedings{nothaft15,
  title={Rethinking Data-Intensive Science Using Scalable Analytics Systems},
  author={Nothaft, Frank Austin and Massie, Matt and Danford, Timothy and Zhang, Zhao and Laserson, Uri and Yeksigian, Carl and Kottalam, Jey and Ahuja, Arun and Hammerbacher, Jeff and Linderman, Michael and Franklin, Michael J and Joseph, Anthony D and Patterson, David A},
  booktitle={Proceedings of the  ACM SIGMOD International Conference on Management of Data (SIGMOD '15)},
  year={2015}
}

@article{levo14,
  title={In pursuit of design principles of regulatory sequences},
  author={Levo, Michal and Segal, Eran},
  journal={Nature Reviews Genetics},
  volume={15},
  number={7},
  pages={453--468},
  year={2014},
  publisher={Nature Publishing Group}
}

@article{weingarten14,
  title={The grammar of transcriptional regulation},
  author={Weingarten-Gabbay, Shira and Segal, Eran},
  journal={Human genetics},
  volume={133},
  number={6},
  pages={701--711},
  year={2014},
  publisher={Springer}
}

@article{auwera13,
  title={From {FastQ} Data to High-Confidence Variant Calls: The {Genome Analysis Toolkit} Best Practices Pipeline},
  author={Auwera, Geraldine A and Carneiro, Mauricio O and Hartl, Christopher and Poplin, Ryan and del Angel, Guillermo and Levy-Moonshine, Ami and Jordan, Tadeusz and Shakir, Khalid and Roazen, David and Thibault, Joel and others},
  journal={Current Protocols in Bioinformatics},
  pages={11--10},
  year={2013},
  publisher={Wiley Online Library}
}

@article{lam12,
  title={Detecting and annotating genetic variations using the {HugeSeq} pipeline},
  author={Lam, Hugo YK and Pan, Cuiping and Clark, Michael J and Lacroute, Phil and Chen, Rui and Haraksingh, Rajini and O'Huallachain, Maeve and Gerstein, Mark B and Kidd, Jeffrey M and Bustamante, Carlos D and others},
  journal={Nature biotechnology},
  volume={30},
  number={3},
  pages={226--229},
  year={2012},
  publisher={Nature Publishing Group}
}

@article{wang10,
  title={{ANNOVAR}: functional annotation of genetic variants from high-throughput sequencing data},
  author={Wang, Kai and Li, Mingyao and Hakonarson, Hakon},
  journal={Nucleic acids research},
  volume={38},
  number={16},
  pages={e164--e164},
  year={2010},
  publisher={Oxford Univ Press}
}

@article{mclaren10,
  title={Deriving the consequences of genomic variants with the {Ensembl API and SNP Effect Predictor}},
  author={McLaren, William and Pritchard, Bethan and Rios, Daniel and Chen, Yuan and Flicek, Paul and Cunningham, Fiona},
  journal={Bioinformatics},
  volume={26},
  number={16},
  pages={2069--2070},
  year={2010},
  publisher={Oxford Univ Press}
}

@article{novak15,
  title={Canonical, Stable, General Mapping using Context Schemes},
  author={Novak, Adam and Rosen, Yohei and Haussler, David and Paten, Benedict},
  journal={arXiv preprint arXiv:1501.04128},
  year={2015}
}

@inproceedings{zaharia12,
  title={Resilient distributed datasets: A fault-tolerant abstraction for in-memory cluster computing},
  author={Zaharia, Matei and Chowdhury, Mosharaf and Das, Tathagata and Dave, Ankur and Ma, Justin and McCauley, Murphy and Franklin, Michael and Shenker, Scott and Stoica, Ion},
  booktitle={Proceedings of the USENIX Conference on Networked Systems Design and Implementation (NSDI '12)},
  pages={2},
  year={2012},
  organization={USENIX Association}
}

@article{danecek11,
  title={The variant call format and {VCFtools}},
  author={Danecek, Petr and Auton, Adam and Abecasis, Goncalo and Albers, Cornelis A and Banks, Eric and DePristo, Mark A and Handsaker, Robert E and Lunter, Gerton and Marth, Gabor T and Sherry, Stephen T and others},
  journal={Bioinformatics},
  volume={27},
  number={15},
  pages={2156--2158},
  year={2011},
  publisher={Oxford Univ Press}
}

@misc{eggo,
  title={eggo},
  howpublished={\url{https://www.github.com/bigdatagenomics/eggo}},
  author={Big Data Genomics}
}

@article{weinstein13,
  title={{The Cancer Genome Atlas} pan-cancer analysis project},
  author={Weinstein, John N and Collisson, Eric A and Mills, Gordon B and Shaw, Kenna R Mills and Ozenberger, Brad A and Ellrott, Kyle and Shmulevich, Ilya and Sander, Chris and Stuart, Joshua M and {Cancer Genome Atlas Research Network} and others},
  journal={Nature Genetics},
  volume={45},
  number={10},
  pages={1113--1120},
  year={2013},
  publisher={Nature Publishing Group}
}

@article{cancer13,
  title={Genomic and epigenomic landscapes of adult de novo acute myeloid leukemia},
  author={{The Cancer Genome Atlas Research Network} and others},
  journal={The New England journal of medicine},
  volume={368},
  number={22},
  pages={2059},
  year={2013},
  publisher={NIH Public Access}
}

@article{100012,
  title={An integrated map of genetic variation from 1,092 human genomes},
  author={{1000 Genomes Project Consortium} and others},
  journal={Nature},
  volume={491},
  number={7422},
  pages={56--65},
  year={2012},
  publisher={Nature Publishing Group}
}

@article{gerstein12,
  title={Architecture of the human regulatory network derived from {ENCODE} data},
  author={Gerstein, Mark B and Kundaje, Anshul and Hariharan, Manoj and Landt, Stephen G and Yan, Koon-Kiu and Cheng, Chao and Mu, Xinmeng Jasmine and Khurana, Ekta and Rozowsky, Joel and Alexander, Roger and others},
  journal={Nature},
  volume={489},
  number={7414},
  pages={91--100},
  year={2012},
  publisher={Nature Publishing Group}
}

@article{sharon12,
  title={Inferring gene regulatory logic from high-throughput measurements of thousands of systematically designed promoters},
  author={Sharon, Eilon and Kalma, Yael and Sharp, Ayala and Raveh-Sadka, Tali and Levo, Michal and Zeevi, Danny and Keren, Leeat and Yakhini, Zohar and Weinberger, Adina and Segal, Eran},
  journal={Nature biotechnology},
  volume={30},
  number={6},
  pages={521--530},
  year={2012},
  publisher={Nature Publishing Group}
}

@article{kheradpour14,
  title={Systematic discovery and characterization of regulatory motifs in {ENCODE TF} binding experiments},
  author={Kheradpour, Pouya and Kellis, Manolis},
  journal={Nucleic acids research},
  volume={42},
  number={5},
  pages={2976--2987},
  year={2014},
  publisher={Oxford Univ Press}
}