@techreport{massie13,
  title={{ADAM}: Genomics Formats and Processing Patterns for Cloud Scale Computing},
  author={Massie, Matt and Nothaft, Frank and Hartl, Christopher and Kozanitis, Christos and Schumacher, Andr{\'e} and Joseph, Anthony D and Patterson, David A},
  year={2013},
  institution={UCB/EECS-2013-207, EECS Department, University of California, Berkeley}
}

@inproceedings{nothaft15,
  title={Rethinking Data-Intensive Science Using Scalable Analytics Systems},
  author={Nothaft, Frank A and Massie, Matt and Danford, Timothy and Zhang, Zhao and Laserson, Uri and Yeksigian, Carl and Kottalam, Jey and Ahuja, Arun and Hammerbacher, Jeff and Linderman, Michael and Franklin, Michael and Joseph, Anthony D. and Patterson, David A.},
  booktitle={Proceedings of the 2015 ACM SIGMOD International Conference on Management of Data (SIGMOD '15)},
  year={2015},
  organization={ACM}
}

@misc{nhgri,
  author={NHGRI},
  title={{DNA} Sequencing Costs},
  howpublished={\url{http://www.genome.gov/sequencingcosts/}}
}

@article{siva08,
  title={1000 Genomes project},
  author={Siva, Nayanah},
  journal={Nature Biotechnology},
  volume={26},
  number={3},
  pages={256--256},
  year={2008},
  publisher={Nature Publishing Group}
}

@article{weinstein13,
  title={{The Cancer Genome Atlas} pan-cancer analysis project},
  author={Weinstein, John N and Collisson, Eric A and Mills, Gordon B and Shaw, Kenna R Mills and Ozenberger, Brad A and Ellrott, Kyle and Shmulevich, Ilya and Sander, Chris and Stuart, Joshua M and {Cancer Genome Atlas Research Network} and others},
  journal={Nature Genetics},
  volume={45},
  number={10},
  pages={1113--1120},
  year={2013},
  publisher={Nature Publishing Group}
}

@article{stein10,
  title={The case for cloud computing in genome informatics},
  author={Stein, Lincoln D and others},
  journal={Genome Biology},
  volume={11},
  number={5},
  pages={207},
  year={2010}
}

@article{schadt10,
  title={Computational solutions to large-scale data management and analysis},
  author={Schadt, Eric E and Linderman, Michael D and Sorenson, Jon and Lee, Lawrence and Nolan, Garry P},
  journal={Nature Reviews Genetics},
  volume={11},
  number={9},
  pages={647--657},
  year={2010},
  publisher={Nature Publishing Group}
}

@article{dean08,
  title={{MapReduce}: simplified data processing on large clusters},
  author={Dean, Jeffrey and Ghemawat, Sanjay},
  journal={Communications of the ACM},
  volume={51},
  number={1},
  pages={107--113},
  year={2008},
  publisher={ACM}
}

@inproceedings{dean04,
  title={{MapReduce:} simplified data processing on large clusters},
  author={Dean, Jeffrey and Ghemawat, Sanjay},
  booktitle={Proceedings of the 6th Symposium on Operating System Design and Implementation (OSDI '04)},
  year={2004},
  publisher={ACM}
}

@misc{hadoop,
  title={Hadoop},
  howpublished={\url{http://hadoop.apache.org}},
  author={Apache}
}

@inproceedings{zaharia10,
  title={{S}park: cluster computing with working sets},
  author={Zaharia, Matei and Chowdhury, Mosharaf and Franklin, Michael J and Shenker, Scott and Stoica, Ion},
  booktitle={Proceedings of the 2nd USENIX conference on Hot topics in Cloud Computing (HotCloud '10)},
  pages={10},
  year={2010}
}

@article{pedregosa11,
  title={Scikit-learn: Machine learning in Python},
  author={Pedregosa, Fabian and Varoquaux, Ga{\"e}l and Gramfort, Alexandre and Michel, Vincent and Thirion, Bertrand and Grisel, Olivier and Blondel, Mathieu and Prettenhofer, Peter and Weiss, Ron and Dubourg, Vincent and others},
  journal={The Journal of Machine Learning Research},
  volume={12},
  pages={2825--2830},
  year={2011},
  publisher={JMLR.org}
}

@inproceedings{sparks13,
  title={{MLI}: An {API} for distributed machine learning},
  author={Sparks, Evan R and Talwalkar, Ameet and Smith, Virginia and Kottalam, Jey and Pan, Xinghao and Gonzalez, Joseph and Franklin, Michael J and Jordan, Michael I and Kraska, Tim},
  booktitle={13th IEEE International Conference on Data Mining (ICDM '13)},
  pages={1187--1192},
  year={2013},
  organization={IEEE}
}

@misc{uk100k,
  title={100,000 Genomes Project},
  howpublished={\url{https://www.genomicsengland.co.uk/}},
  author={{Genomics England}}
}

@misc{mvp,
  title={Million Veteran Program (MVP)},
  howpublished={\url{http://www.research.va.gov/mvp}},
  author={{U.S. Department of Veterans Affairs}}
}

@article{auwera13,
  title={From {FastQ} Data to High-Confidence Variant Calls: The {Genome Analysis Toolkit} Best Practices Pipeline},
  author={Auwera, Geraldine A and Carneiro, Mauricio O and Hartl, Christopher and Poplin, Ryan and del Angel, Guillermo and Levy-Moonshine, Ami and Jordan, Tadeusz and Shakir, Khalid and Roazen, David and Thibault, Joel and others},
  journal={Current Protocols in Bioinformatics},
  pages={11--10},
  year={2013},
  publisher={Wiley Online Library}
}

@article{talwalkar14,
  title={{SMASH}: A Benchmarking Toolkit for Human Genome Variant Calling},
  author={Talwalkar, Ameet and Liptrap, Jesse and Newcomb, Julie and Hartl, Christopher and Terhorst, Jonathan and Curtis, Kristal and Bresler, Ma'ayan and Song, Yun S and Jordan, Michael I and Patterson, David},
  journal={Bioinformatics},
  pages={btu345},
  year={2014},
  publisher={Oxford Univ Press}
}

@article{langmead09,
  title={Searching for {SNP}s with cloud computing},
  author={Langmead, Ben and Schatz, Michael C and Lin, Jimmy and Pop, Mihai and Salzberg, Steven L},
  journal={Genome Biology},
  volume={10},
  number={11},
  pages={R134},
  year={2009}
}

@article{mckenna10,
  title={{The Genome Analysis Toolkit}: a {MapReduce} framework for analyzing next-generation {DNA} sequencing data},
  author={McKenna, Aaron and Hanna, Matthew and Banks, Eric and Sivachenko, Andrey and Cibulskis, Kristian and Kernytsky, Andrew and Garimella, Kiran and Altshuler, David and Gabriel, Stacey and Daly, Mark and others},
  journal={Genome Research},
  volume={20},
  number={9},
  pages={1297--1303},
  year={2010},
  publisher={Cold Spring Harbor Lab}
}

@article{schatz09,
  title={{CloudBurst}: highly sensitive read mapping with {MapReduce}},
  author={Schatz, Michael C},
  journal={Bioinformatics},
  volume={25},
  number={11},
  pages={1363--1369},
  year={2009},
  publisher={Oxford Univ Press}
}

@article{fritz11,
  title={Efficient storage of high throughput {DNA} sequencing data using reference-based compression},
  author={Fritz, Markus Hsi-Yang and Leinonen, Rasko and Cochrane, Guy and Birney, Ewan},
  journal={Genome Research},
  volume={21},
  number={5},
  pages={734--740},
  year={2011},
  publisher={Cold Spring Harbor Lab}
}

@misc{parquet,
  title={Parquet},
  howpublished={\url{http://parquet.apache.org}},
  author={Apache}
}

@inproceedings{zaharia12,
  title={Resilient distributed datasets: A fault-tolerant abstraction for in-memory cluster computing},
  author={Zaharia, Matei and Chowdhury, Mosharaf and Das, Tathagata and Dave, Ankur and Ma, Justin and McCauley, Murphy and Franklin, Michael and Shenker, Scott and Stoica, Ion},
  booktitle={Proceedings of the 9th USENIX conference on Networked Systems Design and Implementation (NSDI '12)},
  pages={2},
  year={2012},
  organization={USENIX Association}
}

@article{zimmermann80,
  title={{OSI} reference model--The {ISO} model of architecture for open systems interconnection},
  author={Zimmermann, Hubert},
  journal={IEEE Transactions on Communications},
  volume={28},
  number={4},
  pages={425--432},
  year={1980},
  publisher={IEEE}
}

@article{li09,
  title={The sequence alignment/map format and {SAM}tools},
  author={Li, Heng and Handsaker, Bob and Wysoker, Alec and Fennell, Tim and Ruan, Jue and Homer, Nils and Marth, Gabor and Abecasis, Goncalo and Durbin, Richard and others},
  journal={Bioinformatics},
  volume={25},
  number={16},
  pages={2078--2079},
  year={2009},
  publisher={Oxford Univ Press}
}

@article{depristo11,
  title={A framework for variation discovery and genotyping using next-generation {DNA} sequencing data},
  author={DePristo, Mark A and Banks, Eric and Poplin, Ryan and Garimella, Kiran V and Maguire, Jared R and Hartl, Christopher and Philippakis, Anthony A and del Angel, Guillermo and Rivas, Manuel A and Hanna, Matt and others},
  journal={Nature Genetics},
  volume={43},
  number={5},
  pages={491--498},
  year={2011},
  publisher={Nature Publishing Group}
}

@misc{simons,
  howpublished={\url{https://www.simonsfoundation.org/life-sciences/simons-genome-diversity-project-dataset/}},
  title={Simons Genome Diversity Project Dataset},
  author={{Simons Foundation}}
}

@article{rimmer14,
  title={Integrating mapping-, assembly-and haplotype-based approaches for calling variants in clinical sequencing applications},
  author={Rimmer, Andy and Phan, Hang and Mathieson, Iain and Iqbal, Zamin and Twigg, Stephen RF and Wilkie, Andrew OM and McVean, Gil and Lunter, Gerton and {WGS500 Consortium} and others},
  journal={Nature Genetics},
  volume={46},
  number={8},
  pages={912--918},
  year={2014},
  publisher={Nature Publishing Group}
}

@article{narzisi14,
  title={Accurate de novo and transmitted {INDEL} detection in exome-capture data using microassembly},
  author={Narzisi, Giuseppe and O'Rawe, Jason A and Iossifov, Ivan and Fang, Han and Lee, Yoon-ha and Wang, Zihua and Wu, Yiyang and Lyon, Gholson J and Wigler, Michael and Schatz, Michael C},
  journal={Nature methods},
  volume={11},
  number={10},
  pages={1033--1036},
  year={2014},
  publisher={Nature Publishing Group}
}

@article{cancer13,
  title={Genomic and epigenomic landscapes of adult de novo {Acute Myeloid Leukemia}},
  author={{The Cancer Genome Atlas Research Network and others}},
  journal={The New England Journal of Medicine},
  volume={368},
  number={22},
  pages={2059},
  year={2013},
  publisher={NIH Public Access}
}

@article{gerstein12,
  title={Architecture of the human regulatory network derived from {ENCODE} data},
  author={Gerstein, Mark B and Kundaje, Anshul and Hariharan, Manoj and Landt, Stephen G and Yan, Koon-Kiu and Cheng, Chao and Mu, Xinmeng Jasmine and Khurana, Ekta and Rozowsky, Joel and Alexander, Roger and others},
  journal={Nature},
  volume={489},
  number={7414},
  pages={91--100},
  year={2012},
  publisher={Nature Publishing Group}
}

@article{levo14,
  title={In pursuit of design principles of regulatory sequences},
  author={Levo, Michal and Segal, Eran},
  journal={Nature Reviews Genetics},
  volume={15},
  number={7},
  pages={453--468},
  year={2014},
  publisher={Nature Publishing Group}
}

@article{weingarten14,
  title={The grammar of transcriptional regulation},
  author={Weingarten-Gabbay, Shira and Segal, Eran},
  journal={Human genetics},
  volume={133},
  number={6},
  pages={701--711},
  year={2014},
  publisher={Springer}
}

@article{sharon12,
  title={Inferring gene regulatory logic from high-throughput measurements of thousands of systematically designed promoters},
  author={Sharon, Eilon and Kalma, Yael and Sharp, Ayala and Raveh-Sadka, Tali and Levo, Michal and Zeevi, Danny and Keren, Leeat and Yakhini, Zohar and Weinberger, Adina and Segal, Eran},
  journal={Nature biotechnology},
  volume={30},
  number={6},
  pages={521--530},
  year={2012},
  publisher={Nature Publishing Group}
}

@article{kheradpour14,
  title={Systematic discovery and characterization of regulatory motifs in {ENCODE TF} binding experiments},
  author={Kheradpour, Pouya and Kellis, Manolis},
  journal={Nucleic acids research},
  volume={42},
  number={5},
  pages={2976--2987},
  year={2014},
  publisher={Oxford Univ Press}
}

@article{purcell07,
  title={{PLINK}: a tool set for whole-genome association and population-based linkage analyses},
  author={Purcell, Shaun and Neale, Benjamin and Todd-Brown, Kathe and Thomas, Lori and Ferreira, Manuel AR and Bender, David and Maller, Julian and Sklar, Pamela and De Bakker, Paul IW and Daly, Mark J and others},
  journal={The American Journal of Human Genetics},
  volume={81},
  number={3},
  pages={559--575},
  year={2007},
  publisher={Elsevier}
}

@article{chang15,
  title={Second-generation {PLINK}: rising to the challenge of larger and richer datasets},
  author={Chang, Christopher C and Chow, Carson C and Tellier, Laurent CAM and Vattikuti, Shashaank and Purcell, Shaun M and Lee, James J},
  journal={GigaScience},
  volume={4},
  year={2015},
  publisher={BioMed Central}
}

@article{meng15,
  title={{MLlib}: Machine Learning in {Apache Spark}},
  author={Meng, Xiangrui and Bradley, Joseph and Yavuz, Burak and Sparks, Evan and Venkataraman, Shivaram and Liu, Davies and Freeman, Jeremy and Tsai, DB and Amde, Manish and Owen, Sean and others},
  journal={ar$\chi$iv preprint ar$\chi$iv:1505.06807},
  year={2015}
}

@article{zadeh15,
  title={linalg: Matrix Computations in {Apache Spark}},
  author={Zadeh, Reza Bosagh and Meng, Xiangrui and Yavuz, Burak and Staple, Aaron and Pu, Li and Venkataraman, Shivaram and Sparks, Evan and Ulanov, Alexander and Zaharia, Matei},
  journal={ar$\chi$iv preprint ar$\chi$iv:1509.02256},
  year={2015}
}

@article{lippert11,
  title={{FaST} linear mixed models for genome-wide association studies},
  author={Lippert, Christoph and Listgarten, Jennifer and Liu, Ying and Kadie, Carl M and Davidson, Robert I and Heckerman, David},
  journal={Nature Methods},
  volume={8},
  number={10},
  pages={833--835},
  year={2011},
  publisher={Nature Publishing Group}
}

@article{bahmani12,
  title={Scalable k-means++},
  author={Bahmani, Bahman and Moseley, Benjamin and Vattani, Andrea and Kumar, Ravi and Vassilvitskii, Sergei},
  journal={Proceedings of the VLDB Endowment},
  volume={5},
  number={7},
  pages={622--633},
  year={2012},
  publisher={VLDB Endowment}
}

@article{mclaren10,
  title={Deriving the consequences of genomic variants with the {Ensembl API and SNP Effect Predictor}},
  author={McLaren, William and Pritchard, Bethan and Rios, Daniel and Chen, Yuan and Flicek, Paul and Cunningham, Fiona},
  journal={Bioinformatics},
  volume={26},
  number={16},
  pages={2069--2070},
  year={2010},
  publisher={Oxford Univ Press}
}

@article{lappalainen13,
  title={Transcriptome and genome sequencing uncovers functional variation in humans},
  author={Lappalainen, Tuuli and Sammeth, Michael and Friedl{\"a}nder, Marc R and AC‘t Hoen, Peter and Monlong, Jean and Rivas, Manuel A and Gonz{\`a}lez-Porta, Mar and Kurbatova, Natalja and Griebel, Thasso and Ferreira, Pedro G and others},
  journal={Nature},
  volume={501},
  number={7468},
  pages={506--511},
  year={2013},
  publisher={Nature Publishing Group}
}

@misc{illumina-x10,
  title={Illumina Introduces the {HiSeq X}\texttrademark{} {Ten} Sequencing System},
  author={Illumina},
  howaccessed={\url{http://investor.illumina.com/phoenix.zhtml?c=121127&p=irol-newsArticle&ID=1890696}},
  year={2014},
  month={January},
  day={14}
}

@article{paten15,
  title={The {NIH BD2K} center for big data in translational genomics},
  author={Paten, Benedict and Diekhans, Mark and Druker, Brian J and Friend, Stephen and Guinney, Justin and Gassner, Nadine and Guttman, Mitchell and Kent, W James and Mantey, Patrick and Margolin, Adam A and others},
  journal={Journal of the American Medical Informatics Association},
  pages={ocv047},
  year={2015},
  publisher={The Oxford University Press}
}

@article{bodini15,
  title={The hidden genomic landscape of acute myeloid leukemia: subclonal structure revealed by undetected mutations},
  author={Bodini, Margherita and Ronchini, Chiara and Giac{\`o}, Luciano and Russo, Anna and Melloni, Giorgio EM and Luzi, Lucilla and Sardella, Domenico and Volorio, Sara and Hasan, Syed K and Ottone, Tiziana and others},
  journal={Blood},
  volume={125},
  number={4},
  pages={600--605},
  year={2015},
  publisher={Am Soc Hematology}
}

@article{zaharia11,
  title={Faster and more accurate sequence alignment with {SNAP}},
  author={Zaharia, Matei and Bolosky, William J and Curtis, Kristal and Fox, Armando and Patterson, David and Shenker, Scott and Stoica, Ion and Karp, Richard M and Sittler, Taylor},
  journal={arXiv preprint arXiv:1111.5572},
  year={2011}
}

@article{lander01,
  title={Initial sequencing and analysis of the human genome},
  author={Lander, Eric S and Linton, Lauren M and Birren, Bruce and Nusbaum, Chad and Zody, Michael C and Baldwin, Jennifer and Devon, Keri and Dewar, Ken and Doyle, Michael and FitzHugh, William and others},
  journal={Nature},
  volume={409},
  number={6822},
  pages={860--921},
  year={2001},
  publisher={Nature Publishing Group}
}

@book{durbin98,
  title={Biological Sequence Analysis: Probabilistic Models of Proteins and Nucleic Acids},
  author={Durbin, Richard and Eddy, Sean R and Krogh, Anders and Mitchison, Graeme},
  year={1998},
  publisher={Cambridge Univ Press}
}

@article{smith81,
  title={Identification of common molecular subsequences},
  author={Smith, Temple F and Waterman, Michael S},
  journal={Journal of molecular biology},
  volume={147},
  number={1},
  pages={195--197},
  year={1981},
  publisher={Elsevier}
}

@article{paten14,
  title={Mapping to a reference genome structure},
  author={Paten, Benedict and Novak, Adam and Haussler, David},
  journal={arXiv preprint arXiv:1404.5010},
  year={2014}
}