@article{albers11,
  title={Dindel: accurate indel calls from short-read data},
  author={Albers, Cornelis A and Lunter, Gerton and MacArthur, Daniel G and McVean, Gilean and Ouwehand, Willem H and Durbin, Richard},
  journal={Genome research},
  volume={21},
  number={6},
  pages={961--973},
  year={2011},
  publisher={Cold Spring Harbor Lab}
}

@article{depristo11,
  title={A framework for variation discovery and genotyping using next-generation {DNA} sequencing data},
  author={DePristo, Mark A and Banks, Eric and Poplin, Ryan and Garimella, Kiran V and Maguire, Jared R and Hartl, Christopher and Philippakis, Anthony A and del Angel, Guillermo and Rivas, Manuel A and Hanna, Matt and others},
  journal={Nature genetics},
  volume={43},
  number={5},
  pages={491--498},
  year={2011},
  publisher={Nature Publishing Group}
}

@article{narzisi14,
  title={Accurate de novo and transmitted indel detection in exome-capture data using microassembly},
  author={Narzisi, Giuseppe and O'Rawe, Jason A and Iossifov, Ivan and Fang, Han and Lee, Yoon-ha and Wang, Zihua and Wu, Yiyang and Lyon, Gholson J and Wigler, Michael and Schatz, Michael C},
  journal={Nature methods},
  volume={11},
  number={10},
  pages={1033--1036},
  year={2014},
  publisher={Nature Publishing Group}
}

@article{rimmer14,
  title={Integrating mapping-, assembly-and haplotype-based approaches for calling variants in clinical sequencing applications},
  author={Rimmer, Andy and Phan, Hang and Mathieson, Iain and Iqbal, Zamin and Twigg, Stephen RF and Wilkie, Andrew OM and McVean, Gil and Lunter, Gerton and {WGS500 Consortium} and others},
  journal={Nature genetics},
  volume={46},
  number={8},
  pages={912--918},
  year={2014},
  publisher={Nature Publishing Group}
}

@article{bao14,
  title={Review of Current Methods, Applications, and Data Management for the Bioinformatics Analysis of Whole Exome Sequencing},
  author={Bao, Riyue and Huang, Lei and Andrade, Jorge and Tan, Wei and Kibbe, Warren A and Jiang, Hongmei and Feng, Gang},
  journal={Cancer informatics},
  volume={13},
  number={Suppl 2},
  pages={67},
  year={2014},
  publisher={Libertas Academica}
}

@inproceedings{bloniarz14,
  title={Changepoint Analysis for Efficient Variant Calling},
  author={Bloniarz, Adam and Talwalkar, Ameet and Terhorst, Jonathan and Jordan, Michael I and Patterson, David and Yu, Bin and Song, Yun S},
  booktitle={Research in Computational Molecular Biology},
  pages={20--34},
  year={2014},
  organization={Springer}
}

@book{durbin98,
  title={Biological Sequence Analysis: Probabilistic Models of Proteins and Nucleic Acids},
  author={Durbin, Richard and Eddy, Sean R and Krogh, Anders and Mitchison, Graeme},
  year={1998},
  publisher={Cambridge Univ Press}
}

@article{talwalkar14,
  title={{SMASH}: A Benchmarking Toolkit for Human Genome Variant Calling},
  author={Talwalkar, Ameet and Liptrap, Jesse and Newcomb, Julie and Hartl, Christopher and Terhorst, Jonathan and Curtis, Kristal and Bresler, Ma'ayan and Song, Yun S and Jordan, Michael I and Patterson, David},
  journal={Bioinformatics},
  pages={btu345},
  year={2014},
  publisher={Oxford Univ Press}
}

@article{garrison12,
  title={Haplotype-based variant detection from short-read sequencing},
  author={Garrison, Erik and Marth, Gabor},
  journal={arXiv preprint arXiv:1207.3907},
  year={2012}
}

@article{zaharia11,
  title={Faster and more accurate sequence alignment with {SNAP}},
  author={Zaharia, Matei and Bolosky, William J and Curtis, Kristal and Fox, Armando and Patterson, David and Shenker, Scott and Stoica, Ion and Karp, Richard M and Sittler, Taylor},
  journal={arXiv preprint arXiv:1111.5572},
  year={2011}
}

@article{landau86,
  title={Efficient string matching with $k$ mismatches},
  author={Landau, Gad M and Vishkin, Uzi},
  journal={Theoretical Computer Science},
  volume={43},
  pages={239--249},
  year={1986},
  publisher={Elsevier}
}

@article{ukkonen85,
  title={Algorithms for approximate string matching},
  author={Ukkonen, Esko},
  journal={Information and control},
  volume={64},
  number={1},
  pages={100--118},
  year={1985},
  publisher={Elsevier}
}

@article{smith81,
  title={Identification of common molecular subsequences},
  author={Smith, Temple F and Waterman, Michael S},
  journal={Journal of molecular biology},
  volume={147},
  number={1},
  pages={195--197},
  year={1981},
  publisher={Elsevier}
}

@article{zerbino09,
  title={Pebble and rock band: heuristic resolution of repeats and scaffolding in the velvet short-read de novo assembler},
  author={Zerbino, Daniel R and McEwen, Gayle K and Margulies, Elliott H and Birney, Ewan},
  journal={PloS one},
  volume={4},
  number={12},
  pages={e8407},
  year={2009},
  publisher={Public Library of Science}
}

@article{nakamura11,
  title={Sequence-specific error profile of {I}llumina sequencers},
  author={Nakamura, Kensuke and Oshima, Taku and Morimoto, Takuya and Ikeda, Shun and Yoshikawa, Hirofumi and Shiwa, Yuh and Ishikawa, Shu and Linak, Margaret C and Hirai, Aki and Takahashi, Hiroki and others},
  journal={Nucleic acids research},
  pages={gkr344},
  year={2011},
  publisher={Oxford Univ Press}
}

@article{li14,
  title={Towards Better Understanding of Artifacts in Variant Calling from High-Coverage Samples},
  author={Li, Heng},
  journal={arXiv preprint arXiv:1404.0929},
  year={2014}
}

@article{kingsford10,
  title={Assembly complexity of prokaryotic genomes using short reads},
  author={Kingsford, Carl and Schatz, Michael C and Pop, Mihai},
  journal={BMC bioinformatics},
  volume={11},
  number={1},
  pages={21},
  year={2010},
  publisher={BioMed Central Ltd}
}

@article{fang14,
  title={Reducing {INDEL} calling errors in whole genome and exome sequencing data},
  author={Fang, Han and Wu, Yiyang and Narzisi, Giuseppe and O'Rawe, Jason A and Barr{\'o}n, Laura T Jimenez and Rosenbaum, Julie and Ronemus, Michael and Iossifov, Ivan and Schatz, Michael C and Lyon, Gholson J},
  journal={Genome Med},
  volume={6},
  pages={89},
  year={2014}
}