@article{pevzner01,
  title={An {E}ulerian path approach to {DNA} fragment assembly},
  author={Pevzner, Pavel A and Tang, Haixu and Waterman, Michael S},
  journal={Proceedings of the National Academy of Sciences},
  volume={98},
  number={17},
  pages={9748--9753},
  year={2001},
  publisher={National Acad Sciences}
}

@article{berlin14,
  title={Assembling Large Genomes with Single-Molecule Sequencing and Locality Sensitive Hashing},
  author={Berlin, Konstantin and Koren, Sergey and Chin, Chen-Shan and Drake, James and Landolin, Jane M and Phillippy, Adam M},
  journal={bioRxiv},
  pages={008003},
  year={2014},
  publisher={Cold Spring Harbor Labs Journals}
}

@article{eid09,
  title={Real-time {DNA} sequencing from single polymerase molecules},
  author={Eid, John and Fehr, Adrian and Gray, Jeremy and Luong, Khai and Lyle, John and Otto, Geoff and Peluso, Paul and Rank, David and Baybayan, Primo and Bettman, Brad and others},
  journal={Science},
  volume={323},
  number={5910},
  pages={133--138},
  year={2009},
  publisher={American Association for the Advancement of Science}
}

@article{clarke09,
  title={Continuous base identification for single-molecule nanopore {DNA} sequencing},
  author={Clarke, James and Wu, Hai-Chen and Jayasinghe, Lakmal and Patel, Alpesh and Reid, Stuart and Bayley, Hagan},
  journal={Nature nanotechnology},
  volume={4},
  number={4},
  pages={265--270},
  year={2009},
  publisher={Nature Publishing Group}
}

@article{myers95,
  title={Toward simplifying and accurately formulating fragment assembly},
  author={Myers, Eugene W},
  journal={Journal of Computational Biology},
  volume={2},
  number={2},
  pages={275--290},
  year={1995}
}

@techreport{massie13,
  title={{ADAM}: Genomics Formats and Processing Patterns for Cloud Scale Computing},
  author={Massie, Matt and Nothaft, Frank and Hartl, Christopher and Kozanitis, Christos and Schumacher, Andr{\'e} and Joseph, Anthony D and Patterson, David A},
  year={2013},
  institution={UCB/EECS-2013-207, EECS Department, University of California, Berkeley}
}

@inproceedings{zaharia10,
  title={{S}park: cluster computing with working sets},
  author={Zaharia, Matei and Chowdhury, Mosharaf and Franklin, Michael J and Shenker, Scott and Stoica, Ion},
  booktitle={Proceedings of the USENIX Conference on Hot Topics in Cloud Computing (HotCloud '10)},
  pages={10},
  year={2010}
}

@inproceedings{nothaft15,
  title={Rethinking Data-Intensive Science Using Scalable Analytics Systems},
  author={Nothaft, Frank Austin and Massie, Matt and Danford, Timothy and Zhang, Zhao and Laserson, Uri and Yeksigian, Carl and Kottalam, Jey and Ahuja, Arun and Hammerbacher, Jeff and Linderman, Michael and Franklin, Michael J and Joseph, Anthony D and Patterson, David A},
  booktitle={Proceedings of the  ACM SIGMOD International Conference on Management of Data (SIGMOD '15)},
  year={2015}
}

@inproceedings{zaharia12,
  title={Resilient distributed datasets: A fault-tolerant abstraction for in-memory cluster computing},
  author={Zaharia, Matei and Chowdhury, Mosharaf and Das, Tathagata and Dave, Ankur and Ma, Justin and McCauley, Murphy and Franklin, Michael and Shenker, Scott and Stoica, Ion},
  booktitle={Proceedings of the USENIX Conference on Networked Systems Design and Implementation (NSDI '12)},
  pages={2},
  year={2012},
  organization={USENIX Association}
}

@inproceedings{xin13,
  title={{GraphX}: A resilient distributed graph system on {Spark}},
  author={Xin, Reynold S and Gonzalez, Joseph E and Franklin, Michael J and Stoica, Ion},
  booktitle={First International Workshop on Graph Data Management Experiences and Systems},
  pages={2},
  year={2013},
  organization={ACM}
}

@inproceedings{gonzalez14,
  title={{GraphX}: Graph processing in a distributed dataflow framework},
  author={Gonzalez, Joseph E and Xin, Reynold S and Dave, Ankur and Crankshaw, Daniel and Franklin, Michael J and Stoica, Ion},
  booktitle={Proceedings of the 11th USENIX Symposium on Operating Systems Design and Implementation (OSDI)},
  year={2014}
}

@article{myers05,
  title={The fragment assembly string graph},
  author={Myers, Eugene W},
  journal={Bioinformatics},
  volume={21},
  number={suppl 2},
  pages={ii79--ii85},
  year={2005},
  publisher={Oxford Univ Press}
}

@mastersthesis{nothaft15thesis,
  author={Nothaft, Frank A},
  title={Scalable genome resequencing with {ADAM} and avocado},
  school={Computer Science Division, University of California, Berkeley},
  year={2015},
  month={May}
}

@incollection{myers14,
  title={Efficient Local Alignment Discovery amongst Noisy Long Reads},
  author={Myers, Gene},
  booktitle={Algorithms in Bioinformatics},
  pages={52--67},
  year={2014},
  publisher={Springer}
}

@book{leskovec14,
  title={Mining of massive datasets},
  author={Leskovec, Jure and Rajaraman, Anand and Ullman, Jeffrey David},
  year={2014},
  publisher={Cambridge University Press}
}

@article{smith81,
  title={Identification of common molecular subsequences},
  author={Smith, Temple F and Waterman, Michael S},
  journal={Journal of molecular biology},
  volume={147},
  number={1},
  pages={195--197},
  year={1981},
  publisher={Elsevier}
}

@inproceedings{malewicz10,
  title={Pregel: a system for large-scale graph processing},
  author={Malewicz, Grzegorz and Austern, Matthew H and Bik, Aart JC and Dehnert, James C and Horn, Ilan and Leiser, Naty and Czajkowski, Grzegorz},
  booktitle={Proceedings of the ACM SIGMOD International Conference on Management of Data (SIGMOD '10)},
  pages={135--146},
  year={2010},
  organization={ACM}
}

@inproceedings{lv07,
  title={Multi-probe {LSH}: efficient indexing for high-dimensional similarity search},
  author={Lv, Qin and Josephson, William and Wang, Zhe and Charikar, Moses and Li, Kai},
  booktitle={Proceedings of the International Conference on Very Large Databases (VLDB '07)},
  pages={950--961},
  year={2007},
  organization={VLDB Endowment}
}

@article{koren12,
  title={Hybrid error correction and de novo assembly of single-molecule sequencing reads},
  author={Koren, Sergey and Schatz, Michael C and Walenz, Brian P and Martin, Jeffrey and Howard, Jason T and Ganapathy, Ganeshkumar and Wang, Zhong and Rasko, David A and McCombie, W Richard and Jarvis, Erich D and others},
  journal={Nature biotechnology},
  volume={30},
  number={7},
  pages={693--700},
  year={2012},
  publisher={Nature Publishing Group}
}

@article{rahman13,
  title={{CGAL}: computing genome assembly likelihoods},
  author={Rahman, Atif and Pachter, Lior},
  journal={Genome Biology},
  volume={14},
  number={1},
  pages={R8},
  year={2013}
}

@article{paten14,
  title={Mapping to a reference genome structure},
  author={Paten, Benedict and Novak, Adam and Haussler, David},
  journal={arXiv preprint arXiv:1404.5010},
  year={2014}
}