@article{pevzner01,
  title={An Eulerian path approach to DNA fragment assembly},
  author={Pevzner, Pavel A and Tang, Haixu and Waterman, Michael S},
  journal={Proceedings of the National Academy of Sciences},
  volume={98},
  number={17},
  pages={9748--9753},
  year={2001},
  publisher={National Acad Sciences}
}

@article{rausch09,
  title={A consistency-based consensus algorithm for de novo and reference-guided sequence assembly of short reads},
  author={Rausch, Tobias and Koren, Sergey and Denisov, Gennady and Weese, David and Emde, Anne-Katrin and D{\"o}ring, Andreas and Reinert, Knut},
  journal={Bioinformatics},
  volume={25},
  number={9},
  pages={1118--1124},
  year={2009},
  publisher={Oxford Univ Press}
}

@inproceedings{zaharia10,
  title={{S}park: cluster computing with working sets},
  author={Zaharia, Matei and Chowdhury, Mosharaf and Franklin, Michael J and Shenker, Scott and Stoica, Ion},
  booktitle={Proceedings of the USENIX Conference on Hot Topics in Cloud Computing (HotCloud '10)},
  pages={10},
  year={2010}
}

@article{eid09,
  title={Real-time DNA sequencing from single polymerase molecules},
  author={Eid, John and Fehr, Adrian and Gray, Jeremy and Luong, Khai and Lyle, John and Otto, Geoff and Peluso, Paul and Rank, David and Baybayan, Primo and Bettman, Brad and others},
  journal={Science},
  volume={323},
  number={5910},
  pages={133--138},
  year={2009},
  publisher={American Association for the Advancement of Science}
}

@article{berlin14,
  title={Assembling Large Genomes with Single-Molecule Sequencing and Locality Sensitive Hashing},
  author={Berlin, Konstantin and Koren, Sergey and Chin, Chen-Shan and Drake, James and Landolin, Jane M and Phillippy, Adam M},
  journal={bioRxiv},
  pages={008003},
  year={2014},
  publisher={Cold Spring Harbor Labs Journals}
}

@article{myers05,
  title={The fragment assembly string graph},
  author={Myers, Eugene W},
  journal={Bioinformatics},
  volume={21},
  number={suppl 2},
  pages={ii79--ii85},
  year={2005},
  publisher={Oxford Univ Press}
}

@inproceedings{gonzalez14,
  title={Graphx: Graph processing in a distributed dataflow framework},
  author={Gonzalez, Joseph E and Xin, Reynold S and Dave, Ankur and Crankshaw, Daniel and Franklin, Michael J and Stoica, Ion},
  booktitle={Proceedings of the USENIX Symposium on Operating Systems Design and Implementation (OSDI '14)},
  year={2014}
}

@article{li11,
  title={A statistical framework for {SNP} calling, mutation discovery, association mapping and population genetical parameter estimation from sequencing data},
  author={Li, Heng},
  journal={Bioinformatics},
  volume={27},
  number={21},
  pages={2987--2993},
  year={2011},
  publisher={Oxford Univ Press}
}

@inproceedings{nothaft15,
  title={Rethinking Data-Intensive Science Using Scalable Analytics Systems},
  author={Nothaft, Frank Austin and Massie, Matt and Danford, Timothy and Zhang, Zhao and Laserson, Uri and Yeksigian, Carl and Kottalam, Jey and Ahuja, Arun and Hammerbacher, Jeff and Linderman, Michael and Franklin, Michael J and Joseph, Anthony D and Patterson, David A},
  booktitle={Proceedings of the ACM SIGMOD International Conference on Management of Data (SIGMOD '15)},
  year={2015}
}

@misc{pb-datasets,
  title={DevNet---Datasets},
  howpublished={\url{https://github.com/PacificBiosciences/DevNet/wiki/Datasets}},
  author={Pacific Biosciences}
}

