@techreport{massie13,
  title={{ADAM}: Genomics Formats and Processing Patterns for Cloud Scale Computing},
  author={Massie, Matt and Nothaft, Frank and Hartl, Christopher and Kozanitis, Christos and Schumacher, Andr{\'e} and Joseph, Anthony D and Patterson, David A},
  year={2013},
  institution={UCB/EECS-2013-207, EECS Department, University of California, Berkeley}
}

@article{mckenna10,
  title={{The Genome Analysis Toolkit}: a MapReduce framework for analyzing next-generation {DNA} sequencing data},
  author={McKenna, Aaron and Hanna, Matthew and Banks, Eric and Sivachenko, Andrey and Cibulskis, Kristian and Kernytsky, Andrew and Garimella, Kiran and Altshuler, David and Gabriel, Stacey and Daly, Mark and others},
  journal={Genome research},
  volume={20},
  number={9},
  pages={1297--1303},
  year={2010},
  publisher={Cold Spring Harbor Lab}
}

@article{schatz09,
  title={{CloudBurst}: highly sensitive read mapping with MapReduce},
  author={Schatz, Michael C},
  journal={Bioinformatics},
  volume={25},
  number={11},
  pages={1363--1369},
  year={2009},
  publisher={Oxford Univ Press}
}

@article{langmead09,
  title={Searching for {SNP}s with cloud computing},
  author={Langmead, Ben and Schatz, Michael C and Lin, Jimmy and Pop, Mihai and Salzberg, Steven L},
  journal={Genome Biology},
  volume={10},
  number={11},
  pages={R134},
  year={2009}
}

@inproceedings{brown10,
  title={Overview of {SciDB}: large scale array storage, processing and analysis},
  author={Brown, Paul G},
  booktitle={Proceedings of the 2010 ACM SIGMOD International Conference on Management of data},
  pages={963--968},
  year={2010},
  organization={ACM}
}

@article{bafna13,
  title={Abstractions for genomics},
  author={Bafna, Vineet and Deutsch, Alin and Heiberg, Andrew and Kozanitis, Christos and Ohno-Machado, Lucila and Varghese, George},
  journal={Communications of the ACM},
  volume={56},
  number={1},
  pages={83--93},
  year={2013},
  publisher={ACM}
}

@article{kozanitis14,
  title={Using {G}enome {Q}uery {L}anguage to uncover genetic variation},
  author={Kozanitis, Christos and Heiberg, Andrew and Varghese, George and Bafna, Vineet},
  journal={Bioinformatics},
  volume={30},
  number={1},
  pages={1--8},
  year={2014},
  publisher={Oxford Univ Press}
}

@article{fritz11,
  title={Efficient storage of high throughput {DNA} sequencing data using reference-based compression},
  author={Fritz, Markus Hsi-Yang and Leinonen, Rasko and Cochrane, Guy and Birney, Ewan},
  journal={Genome research},
  volume={21},
  number={5},
  pages={734--740},
  year={2011},
  publisher={Cold Spring Harbor Lab}
}

@article{turk11,
  title={yt: A multi-code analysis toolkit for astrophysical simulation data},
  author={Turk, Matthew J and Smith, Britton D and Oishi, Jeffrey S and Skory, Stephen and Skillman, Samuel W and Abel, Tom and Norman, Michael L},
  journal={The Astrophysical Journal Supplement Series},
  volume={192},
  number={1},
  pages={9},
  year={2011},
  publisher={IOP Publishing}
}

@inproceedings{sparks13,
  title={{MLI}: An {API} for distributed machine learning},
  author={Sparks, Evan R and Talwalkar, Ameet and Smith, Virginia and Kottalam, Jey and Pan, Xinghao and Gonzalez, Joseph and Franklin, Michael J and Jordan, Michael I and Kraska, Tim},
  booktitle={2013 IEEE 13th International Conference on Data Mining (ICDM' 13)},
  pages={1187--1192},
  year={2013},
  organization={IEEE}
}

@inproceedings{xin13,
  title={{GraphX}: A resilient distributed graph system on {S}park},
  author={Xin, Reynold S and Gonzalez, Joseph E and Franklin, Michael J and Stoica, Ion},
  booktitle={First International Workshop on Graph Data Management Experiences and Systems},
  pages={2},
  year={2013},
  organization={ACM}
}

@inproceedings{li11,
 author = {Li, Yinan and Terrell, Allison and Patel, Jignesh M.},
 title = {{WHAM}: A High-throughput Sequence Alignment Method},
 booktitle = {Proceedings of the 2011 ACM SIGMOD International Conference on Management of Data (SIGMOD '11)},
 series = {SIGMOD '11},
 year = {2011},
 isbn = {978-1-4503-0661-4},
 location = {Athens, Greece},
 pages = {445--456},
 numpages = {12},
 url = {http://doi.acm.org/10.1145/1989323.1989370},
 doi = {10.1145/1989323.1989370},
 acmid = {1989370},
 publisher = {ACM},
 address = {New York, NY, USA},
 keywords = {approximate string matching, bit-parallelism, sequence alignment},
}

@article{pedregosa11,
  title={Scikit-learn: Machine learning in Python},
  author={Pedregosa, Fabian and Varoquaux, Ga{\"e}l and Gramfort, Alexandre and Michel, Vincent and Thirion, Bertrand and Grisel, Olivier and Blondel, Mathieu and Prettenhofer, Peter and Weiss, Ron and Dubourg, Vincent and others},
  journal={The Journal of Machine Learning Research},
  volume={12},
  pages={2825--2830},
  year={2011},
  publisher={JMLR. org}
}

@article{stein10,
  title={The case for cloud computing in genome informatics},
  author={Stein, Lincoln D and others},
  journal={Genome Biology},
  volume={11},
  number={5},
  pages={207},
  year={2010}
}

@article{schadt10,
  title={Computational solutions to large-scale data management and analysis},
  author={Schadt, Eric E and Linderman, Michael D and Sorenson, Jon and Lee, Lawrence and Nolan, Garry P},
  journal={Nature Reviews Genetics},
  volume={11},
  number={9},
  pages={647--657},
  year={2010},
  publisher={Nature Publishing Group}
}

@article{wilson14,
  title={Best practices for scientific computing},
  author={Wilson, Greg and Aruliah, DA and Brown, C Titus and Hong, Neil P Chue and Davis, Matt and Guy, Richard T and Haddock, Steven HD and Huff, Kathryn D and Mitchell, Ian M and Plumbley, Mark D and others},
  journal={PLoS biology},
  volume={12},
  number={1},
  pages={e1001745},
  year={2014},
  publisher={Public Library of Science}
}

@article{cunningham14,
  title={Analyzing neural data at huge scale},
  author={Cunningham, John P},
  journal={Nature methods},
  volume={11},
  number={9},
  pages={911--912},
  year={2014},
  publisher={Nature Publishing Group}
}

@article{freeman14,
  title={Mapping brain activity at scale with cluster computing},
  author={Freeman, Jeremy and Vladimirov, Nikita and Kawashima, Takashi and Mu, Yu and Sofroniew, Nicholas J and Bennett, Davis V and Rosen, Joshua and Yang, Chao-Tsung and Looger, Loren L and Ahrens, Misha B},
  journal={Nature methods},
  volume={11},
  number={9},
  pages={941--950},
  year={2014},
  publisher={Nature Publishing Group}
}

@article{dean08,
  title={{MapReduce}: simplified data processing on large clusters},
  author={Dean, Jeffrey and Ghemawat, Sanjay},
  journal={Communications of the ACM},
  volume={51},
  number={1},
  pages={107--113},
  year={2008},
  publisher={ACM}
}

@misc{hadoop,
  title={Hadoop},
  howpublished={\url{http://hadoop.apache.org}},
  author={Apache}
}

@inproceedings{zaharia10,
  title={{S}park: cluster computing with working sets},
  author={Zaharia, Matei and Chowdhury, Mosharaf and Franklin, Michael J and Shenker, Scott and Stoica, Ion},
  booktitle={Proceedings of the 2nd USENIX conference on Hot topics in Cloud Computing (HotCloud '10)},
  pages={10},
  year={2010}
}

@article{li10,
  title={Fast and accurate long-read alignment with {B}urrows--{W}heeler transform},
  author={Li, Heng and Durbin, Richard},
  journal={Bioinformatics},
  volume={26},
  number={5},
  pages={589--595},
  year={2010},
  publisher={Oxford Univ Press}
}

@article{depristo11,
  title={A framework for variation discovery and genotyping using next-generation {DNA} sequencing data},
  author={DePristo, Mark A and Banks, Eric and Poplin, Ryan and Garimella, Kiran V and Maguire, Jared R and Hartl, Christopher and Philippakis, Anthony A and del Angel, Guillermo and Rivas, Manuel A and Hanna, Matt and others},
  journal={Nature genetics},
  volume={43},
  number={5},
  pages={491--498},
  year={2011},
  publisher={Nature Publishing Group}
}

@article{talwalkar14,
  title={{SMASH}: A Benchmarking Toolkit for Human Genome Variant Calling},
  author={Talwalkar, Ameet and Liptrap, Jesse and Newcomb, Julie and Hartl, Christopher and Terhorst, Jonathan and Curtis, Kristal and Bresler, Ma'ayan and Song, Yun S and Jordan, Michael I and Patterson, David},
  journal={Bioinformatics},
  pages={btu345},
  year={2014},
  publisher={Oxford Univ Press}
}

@misc{parquet,
  title={Parquet},
  howpublished={\url{http://parquet.incubator.apache.org}},
  author={Apache}
}

@misc{avro,
  title={Avro},
  howpublished={\url{http://avro.apache.org}},
  author={Apache}
}

@article{zimmermann80,
  title={{OSI} reference model--The {ISO} model of architecture for open systems interconnection},
  author={Zimmermann, Hubert},
  journal={IEEE Transactions on Communications},
  volume={28},
  number={4},
  pages={425--432},
  year={1980},
  publisher={IEEE}
}