@inproceedings{zaharia10,
  title={{S}park: {C}luster computing with working sets},
  author={Zaharia, Matei and Chowdhury, Mosharaf and Franklin, Michael J and Shenker, Scott and Stoica, Ion},
  booktitle={Proceedings of the Conference on Hot Topics in Cloud Computing (HotCloud '10)},
  pages={10},
  year={2010}
}

@inproceedings{zaharia12,
  title={Resilient distributed datasets: {A} fault-tolerant abstraction for in-memory cluster computing},
  author={Zaharia, Matei and Chowdhury, Mosharaf and Das, Tathagata and Dave, Ankur and Ma, Justin and McCauley, Murphy and Franklin, Michael and Shenker, Scott and Stoica, Ion},
  booktitle={Proceedings of the Conference on Networked Systems Design and Implementation (NSDI '12)},
  pages={2},
  year={2012},
  organization={USENIX Association}
}

@techreport{massie13,
  title={{ADAM}: {G}enomics Formats and Processing Patterns for Cloud Scale Computing},
  author={Massie, Matt and Nothaft, Frank and Hartl, Christopher and Kozanitis, Christos and Schumacher, Andr{\'e} and Joseph, Anthony D and Patterson, David A},
  year={2013},
  institution={UCB/EECS-2013-207, EECS Department, University of California, Berkeley}
}

@inproceedings{nothaft15,
  title={Rethinking Data-Intensive Science Using Scalable Analytics Systems},
  author={Nothaft, Frank A and Massie, Matt and Danford, Timothy and Zhang, Zhao and Laserson, Uri and Yeksigian, Carl and Kottalam, Jey and Ahuja, Arun and Hammerbacher, Jeff and Linderman, Michael and Franklin, Michael and Joseph, Anthony D. and Patterson, David A.},
  booktitle={Proceedings of the International Conference on Management of Data (SIGMOD '15)},
  year={2015},
  organization={ACM}
}

@techreport{nothaft15avocado,
  title={Scalable Genome Resequencing with {ADAM} and avocado},
  author={Nothaft, Frank A},
  year={2015},
  institution={UCB/EECS-2015-65, EECS Department, University of California, Berkeley}
}

@inproceedings{nothaft17,
  title={Distributed Variant Calling with {A}vocado},
  author={Nothaft, Frank A and Patterson, David A. and Joseph, Anthony D.},
  booktitle={Submitted to Proceedings of the Conference on Intelligent Systems for Molecular Biology (ISMB '17)},
  year={2017},
  organization={ACM}
}

@article{quinlan10,
  title={{BEDTools: A} flexible suite of utilities for comparing genomic features},
  author={Quinlan, Aaron R and Hall, Ira M},
  journal={Bioinformatics},
  volume={26},
  number={6},
  pages={841--842},
  year={2010},
  publisher={Oxford Univ Press}
}

@article{kozanitis16,
  title={{GenAp}: {A} distributed {SQL} interface for genomic data},
  author={Kozanitis, Christos and Patterson, David A},
  journal={BMC bioinformatics},
  volume={17},
  number={1},
  pages={63},
  year={2016},
  publisher={BioMed Central}
}

@inproceedings{blanas10,
  title={A comparison of join algorithms for log processing in mapreduce},
  author={Blanas, Spyros and Patel, Jignesh M and Ercegovac, Vuk and Rao, Jun and Shekita, Eugene J and Tian, Yuanyuan},
  booktitle={Proceedings of the International Conference on Management of Data (SIGMOD '10)},
  pages={975--986},
  year={2010},
  organization={ACM}
}

@inproceedings{kornacker15,
  title={Impala: A Modern, Open-Source {SQL} Engine for {H}adoop},
  author={Kornacker, Marcel and Behm, Alexander and Bittorf, Victor and Bobrovytsky, Taras and Ching, Casey and Choi, Alan and Erickson, Justin and Grund, Martin and Hecht, Daniel and Jacobs, Matthew and Joshi, Ishaan and Kuff, Lenni and Kumar, Dileep and Leblang, Alex and Li, Nong and Pandis, Ippokratis and Robinson, Henry and Rorke, David and Rus, Silvius and Russel, John and Tsirogiannis, Dimitris and Wanderman-Milne, Skye and Yoder, Michael},
  booktitle={Proceedings of the Conference on Innovative Data Systems Research (CIDR '15)},
  year={2015}
}

@inproceedings{armbrust15,
  title={Spark {SQL}: Relational Data Processing in {S}park},
  author={Armbrust, Michael and Xin, Reynold S. and Lian, Cheng and Huai, Yin and Liu, Davies and Bradley, Joseph K. and Meng, Xiangrui and Kaftan, Tomer and Franklin, Michael J. and Ghodsi, Ali and Zaharia, Matei},
  booktitle={Proceedings of the ACM SIGMOD International Conference on Management of Data (SIGMOD '15)},
  year={2015}
}

@inproceedings{taft14,
  title={Genbase: {A} complex analytics genomics benchmark},
  author={Taft, Rebecca and Vartak, Manasi and Satish, Nadathur Rajagopalan and Sundaram, Narayanan and Madden, Samuel and Stonebraker, Michael},
  booktitle={Proceedings of the International Conference on Management of Data (SIGMOD '14)},
  pages={177--188},
  year={2014},
  organization={ACM}
}

@inproceedings{brown10,
  title={Overview of {SciDB}: {L}arge scale array storage, processing and analysis},
  author={Brown, Paul G},
  booktitle={Proceedings of the International Conference on Management of Data (SIGMOD '10)},
  pages={963--968},
  year={2010},
  organization={ACM}
}

@article{papadopoulos16,
  title={The {TileDB} array data storage manager},
  author={Papadopoulos, Stavros and Datta, Kushal and Madden, Samuel and Mattson, Timothy},
  journal={Proceedings of the VLDB Endowment (VLDB '17)},
  volume={10},
  number={4},
  pages={349--360},
  year={2016},
  publisher={VLDB Endowment}
}

@article{stephens15,
  title={Big data: {A}stronomical or genomical?},
  author={Stephens, Zachary D and Lee, Skylar Y and Faghri, Faraz and Campbell, Roy H and Zhai, Chengxiang and Efron, Miles J and Iyer, Ravishankar and Schatz, Michael C and Sinha, Saurabh and Robinson, Gene E},
  journal={PLoS Biol},
  volume={13},
  number={7},
  pages={e1002195},
  year={2015},
  publisher={Public Library of Science}
}

@article{lek16,
  title={Analysis of protein-coding genetic variation in 60,706 humans},
  author={Lek, Monkol and Karczewski, Konrad J and Minikel, Eric V and Samocha, Kaitlin E and Banks, Eric and Fennell, Timothy and Oâ€™Donnell-Luria, Anne H and Ware, James S and Hill, Andrew J and Cummings, Beryl B and others},
  journal={Nature},
  volume={536},
  number={7616},
  pages={285--291},
  year={2016},
  publisher={Nature Research}
}

@article{pinard06,
  title={Assessment of whole genome amplification-induced bias through high-throughput, massively parallel whole genome sequencing},
  author={Pinard, Robert and de Winter, Alex and Sarkis, Gary J and Gerstein, Mark B and Tartaro, Karrie R and Plant, Ramona N and Egholm, Michael and Rothberg, Jonathan M and Leamon, John H},
  journal={BMC Genomics},
  volume={7},
  number={1},
  pages={216},
  year={2006},
  publisher={BioMed Central}
}