@article{kelley10,
  title={Quake: quality-aware detection and correction of sequencing errors},
  author={Kelley, David R and Schatz, Michael C and Salzberg, Steven L and others},
  journal={Genome Biology},
  volume={11},
  number={11},
  pages={R116},
  year={2010}
}

@techreport{massie13,
  title={{ADAM}: Genomics Formats and Processing Patterns for Cloud Scale Computing},
  author={Massie, Matt and Nothaft, Frank and Hartl, Christopher and Kozanitis, Christos and Schumacher, Andr{\'e} and Joseph, Anthony D and Patterson, David A},
  year={2013},
  institution={Technical Report UCB/EECS-2013-207, EECS Department, University of California, Berkeley}
}

@incollection{schwander13,
  title={Fast learning of Gamma mixture models with k-{MLE}},
  author={Schwander, Olivier and Nielsen, Frank},
  booktitle={Similarity-Based Pattern Recognition},
  pages={235--249},
  year={2013},
  publisher={Springer}
}

@inproceedings{almhana06,
  title={A recursive algorithm for gamma mixture models},
  author={Almhana, Jalal and Liu, Zikuan and Choulakian, Vartan and McGorman, Robert},
  booktitle={IEEE International Conference on Communications (ICC '06)},
  volume={1},
  pages={197--202},
  year={2006},
  organization={IEEE}
}

@article{depristo11,
  title={A framework for variation discovery and genotyping using next-generation {DNA} sequencing data},
  author={DePristo, Mark A and Banks, Eric and Poplin, Ryan and Garimella, Kiran V and Maguire, Jared R and Hartl, Christopher and Philippakis, Anthony A and del Angel, Guillermo and Rivas, Manuel A and Hanna, Matt and others},
  journal={Nature genetics},
  volume={43},
  number={5},
  pages={491--498},
  year={2011},
  publisher={Nature Publishing Group}
}

@inproceedings{zaharia10,
  title={{S}park: cluster computing with working sets},
  author={Zaharia, Matei and Chowdhury, Mosharaf and Franklin, Michael J and Shenker, Scott and Stoica, Ion},
  booktitle={Proceedings of the 2nd USENIX Conference on Hot Topics in Cloud Computing (HotCloud `10)},
  pages={10},
  year={2010}
}

@article{song14,
  title={Lighter: fast and memory-efficient error correction without counting},
  author={Song, Li and Florea, Liliana and Langmead, Ben},
  journal={bioRxiv},
  year={2014},
  publisher={Cold Spring Harbor Labs Journals}
}

@article{shi10,
  title={A parallel algorithm for error correction in high-throughput short-read data on {CUDA}-enabled graphics hardware},
  author={Shi, Haixiang and Schmidt, Bertil and Liu, Weiguo and M{\"u}ller-Wittig, Wolfgang},
  journal={Journal of Computational Biology},
  volume={17},
  number={4},
  pages={603--615},
  year={2010},
  publisher={Mary Ann Liebert, Inc. 140 Huguenot Street, 3rd Floor New Rochelle, NY 10801 USA}
}

@article{liu13,
  title={Musket: a multistage k-mer spectrum-based error corrector for {I}llumina sequence data},
  author={Liu, Yongchao and Schr{\"o}der, Jan and Schmidt, Bertil},
  journal={Bioinformatics},
  volume={29},
  number={3},
  pages={308--315},
  year={2013},
  publisher={Oxford Univ Press}
}

@article{heo14,
  title={{BLESS}: Bloom filter-based error correction solution for high-throughput sequencing reads},
  author={Heo, Yun and Wu, Xiao-Long and Chen, Deming and Ma, Jian and Hwu, Wen-Mei},
  journal={Bioinformatics},
  pages={btu030},
  year={2014},
  publisher={Oxford Univ Press}
}