@inproceedings{georganas14,
  title={Parallel de bruijn graph construction and traversal for de novo genome assembly},
  author={Georganas, Evangelos and Bulu{\c{c}}, Aydin and Chapman, Jarrod and Oliker, Leonid and Rokhsar, Daniel and Yelick, Katherine},
  booktitle={High Performance Computing, Networking, Storage and Analysis, SC14: International Conference for},
  pages={437--448},
  year={2014},
  organization={IEEE}
}

@techreport{massie13,
  title={ADAM: Genomics Formats and Processing Patterns for Cloud Scale Computing},
  author={Massie, Matt and Nothaft, Frank and Hartl, Christopher and Kozanitis, Christos and Schumacher, Andr{\'e} and Joseph, Anthony D and Patterson, David A},
  year={2013},
  institution={Technical Report UCB/EECS-2013-207, EECS Department, University of California, Berkeley}
}

@inproceedings{husbands03,
  title={A performance analysis of the Berkeley {UPC} compiler},
  author={Husbands, Parry and Iancu, Costin and Yelick, Katherine},
  booktitle={Proceedings of the 17th annual international conference on Supercomputing},
  pages={63--73},
  year={2003},
  organization={ACM}
}

@misc{edison,
  title={{Edison---Cray XC30}},
  howpublished={\url{http://www.top500.org/system/178443}},
  author={{Top 500}}
}

@article{weisenfeld14,
  title={Comprehensive variation discovery in single human genomes},
  author={Weisenfeld, Neil I and Yin, Shuangye and Sharpe, Ted and Lau, Bayo and Hegarty, Ryan and Holmes, Laurie and Sogoloff, Brian and Tabbaa, Diana and Williams, Louise and Russ, Carsten and others},
  journal={Nature genetics},
  year={2014},
  publisher={Nature Publishing Group}
}